@book{bump, place={Cambridge}, series={Cambridge Studies in Advanced Mathematics}, title={Automorphic Forms and Representations}, DOI={10.1017/CBO9780511609572}, publisher={Cambridge University Press}, author={Bump, Daniel}, year={1997}, collection={Cambridge Studies in Advanced Mathematics}}

@book{goldfeld-hundley,
  title={Automorphic Representations and L-Functions for the General Linear Group:},
  author={Goldfeld, D. and Hundley, J.},
  number={vol.~1},
  isbn={9781139500135},
  series={Cambridge Studies in Advanced Mathematics},
  year={2011},
  publisher={Cambridge University Press}
}
